<?xml version="1.0" encoding="UTF-8"?><record xmlns="http://www.loc.gov/MARC21/slim" xmlns:cinclude="http://apache.org/cocoon/include/1.0" xmlns:zs="http://www.loc.gov/zing/srw/">
  <leader>00783cz  a2200181n  4500</leader>
  <controlfield tag="001">n  79010975 </controlfield>
  <controlfield tag="003">DLC</controlfield>
  <controlfield tag="005">20130308074541.0</controlfield>
  <controlfield tag="008">790205n| azannaabn          |a aaa      </controlfield>
  <datafield tag="010" ind1=" " ind2=" ">
    <subfield code="a">n  79010975 </subfield>
  </datafield>
  <datafield tag="035" ind1=" " ind2=" ">
    <subfield code="a">(OCoLC)oca00245052</subfield>
  </datafield>
  <datafield tag="040" ind1=" " ind2=" ">
    <subfield code="a">DLC</subfield>
    <subfield code="b">eng</subfield>
    <subfield code="e">rda</subfield>
    <subfield code="c">DLC</subfield>
    <subfield code="d">NjP</subfield>
    <subfield code="d">DNGA</subfield>
    <subfield code="d">DLC</subfield>
  </datafield>
  <datafield tag="046" ind1=" " ind2=" ">
    <subfield code="f">1555~</subfield>
    <subfield code="g">1629</subfield>
    <subfield code="2">edtf</subfield>
  </datafield>
  <datafield tag="100" ind1="1" ind2=" ">
    <subfield code="a">Procaccini, Camillo,</subfield>
    <subfield code="d">approximately 1555-1629</subfield>
  </datafield>
  <datafield tag="400" ind1="1" ind2=" ">
    <subfield code="w">nnea</subfield>
    <subfield code="a">Procaccini, Camillo,</subfield>
    <subfield code="d">ca. 1555-1629</subfield>
  </datafield>
  <datafield tag="670" ind1=" " ind2=" ">
    <subfield code="a">Neilson, N. W. Camillo Procaccini, 1979 (subj.)</subfield>
    <subfield code="b">introd. (Camillo Procaccini, c. 1555-1629)</subfield>
  </datafield>
  <datafield tag="670" ind1=" " ind2=" ">
    <subfield code="a">Enciclopedia della pittura italiana, 1950</subfield>
    <subfield code="b">(Procaccini, Camillo (Bologna, 1551 c. o 1560 c.; Milano, 1629))</subfield>
  </datafield>
  <datafield tag="670" ind1=" " ind2=" ">
    <subfield code="a">Camillo Procaccini, 1561-1629, c2007:</subfield>
    <subfield code="b">p. 26 (Records at the cathedral of Parma give baptismal date of Mar. 6, 1561)</subfield>
  </datafield>
</record>